<?xml version="1.0"?>
<collection xmlns="http://www.loc.gov/MARC21/slim" >
    <record type="Bibliographic">
        <leader> cam a22 7 4500</leader>
        <controlfield tag="001">201391740</controlfield>
        <controlfield tag="003">CHVBK</controlfield>
        <controlfield tag="005">20130812154427.0</controlfield>
        <controlfield tag="008">960909s1889 ne 00 dut d</controlfield>
        <datafield tag="035" ind1=" " ind2=" ">
            <subfield code="a">(RERO)0187602</subfield>
        </datafield>
        <datafield tag="040" ind1=" " ind2=" ">
            <subfield code="a">CH-MyRERO</subfield>
            <subfield code="d">CHVBK</subfield>
        </datafield>
        <datafield tag="072" ind1=" " ind2="7">
            <subfield code="a">s1dr</subfield>
            <subfield code="2">rero</subfield>
        </datafield>
        <datafield tag="100" ind1="1" ind2=" ">
            <subfield code="a">Asser [forme avant 2007] form avant 2007 sollte weggenommen sein</subfield>
            <subfield code="D">Tobias Michael Carel</subfield>
            <subfield code="D">sollte nicht genommen werden da occurence only 1</subfield>
            <subfield code="d">1838-1913</subfield>
        </datafield>
        <datafield tag="245" ind1="1" ind2="0">
            <subfield code="a">Studien op het gebied van Recht en Staat</subfield>
            <subfield code="b">(1858-1888)</subfield>
            <subfield code="c">T.M.C. Asser</subfield>
        </datafield>
        <datafield tag="260" ind1=" " ind2=" ">
            <subfield code="a">Haarlem</subfield>
            <subfield code="c">1889</subfield>
        </datafield>
        <datafield tag="300" ind1=" " ind2=" ">
            <subfield code="a">1 vol</subfield>
            <subfield code="c">8°</subfield>
        </datafield>
        <datafield tag="700" ind1="1" ind2=" ">
            <subfield code="a">sub a in 700</subfield>
            <subfield code="D">sub D in 700 occurence 1</subfield>
            <subfield code="d">1838-1913</subfield>
        </datafield>
        <datafield tag="800" ind1="1" ind2=" ">
            <subfield code="a">sub a in 800</subfield>
            <subfield code="D">sub D in 800 occurence 1</subfield>
            <subfield code="d">1838-1913</subfield>
        </datafield>
        <datafield tag="950" ind1=" " ind2=" ">
            <subfield code="B">RERO</subfield>
            <subfield code="P">100</subfield>
            <subfield code="E">1-</subfield>
            <subfield code="a">Asser</subfield>
            <subfield code="D">Tobias Michael Carel</subfield>
            <subfield code="d">1838-1913</subfield>
        </datafield>
        <datafield tag="898" ind1=" " ind2=" ">
            <subfield code="a">BK020000</subfield>
            <subfield code="b">XK020000</subfield>
        </datafield>
        <datafield tag="949" ind1=" " ind2=" ">
            <subfield code="B">RERO</subfield>
            <subfield code="E">0187602</subfield>
            <subfield code="F">RE81001</subfield>
            <subfield code="b">RE81001</subfield>
            <subfield code="c">RE810010047</subfield>
            <subfield code="j">1T 3514 B</subfield>
            <subfield code="p">1092241354</subfield>
        </datafield>
    </record>
</collection>
